<record><leader>00000cas a22000007a 4500</leader><controlfield tag="001">16620273</controlfield><controlfield tag="008">870831d18921946pauwr ne      0   a0eng d</controlfield><datafield ind1=" " ind2=" " tag="010"><subfield code="a">sn 87078321 </subfield></datafield><datafield ind1=" " ind2=" " tag="040"><subfield code="a">NPH</subfield><subfield code="b">eng</subfield><subfield code="c">NPH</subfield><subfield code="d">OCLCQ</subfield><subfield code="d">DLC</subfield><subfield code="d">OCLCF</subfield></datafield><datafield ind1="0" ind2=" " tag="022"><subfield code="a">2327-6843</subfield><subfield code="2">1</subfield></datafield><datafield ind1=" " ind2=" " tag="042"><subfield code="a">msc</subfield><subfield code="a">nsdp</subfield></datafield><datafield ind1=" " ind2=" " tag="043"><subfield code="a">n-us-pa</subfield></datafield><datafield ind1="0" ind2="0" tag="050"><subfield code="a">Newspaper</subfield></datafield><datafield ind1="0" ind2="0" tag="082"><subfield code="a">071</subfield><subfield code="2">23</subfield></datafield><datafield ind1="0" ind2=" " tag="130"><subfield code="a">Star (Reynoldsville, Pa.)</subfield></datafield><datafield ind1=" " ind2="4" tag="222"><subfield code="a">The star</subfield><subfield code="b">(Reynoldsville, Pa. Print)</subfield></datafield><datafield ind1="1" ind2="4" tag="245"><subfield code="a">The star.</subfield></datafield><datafield ind1=" " ind2=" " tag="260"><subfield code="a">Reynoldsville, Pa. :</subfield><subfield code="b">C.A. Stephenson,</subfield><subfield code="c">1892-1946.</subfield></datafield><datafield ind1=" " ind2=" " tag="300"><subfield code="a">v. ;</subfield><subfield code="c">54 cm.</subfield></datafield><datafield ind1=" " ind2=" " tag="310"><subfield code="a">Weekly</subfield></datafield><datafield ind1="0" ind2=" " tag="362"><subfield code="a">Vol. 1, no. 1 (May 11, 1892)- ; -54th year, no. 38 (Feb. 13, 1946).</subfield></datafield><datafield ind1=" " ind2=" " tag="530"><subfield code="a">Archived issues are available in digital format as part of the Library of Congress Chronicling America online collection.</subfield></datafield><datafield ind1=" " ind2="0" tag="651"><subfield code="a">Reynoldsville (Pa.)</subfield><subfield code="v">Newspapers.</subfield></datafield><datafield ind1=" " ind2="7" tag="655"><subfield code="a">Newspapers.</subfield><subfield code="2">fast</subfield><subfield code="0">(OCoLC)fst01423814</subfield></datafield><datafield ind1=" " ind2="7" tag="651"><subfield code="a">Pennsylvania</subfield><subfield code="z">Reynoldsville.</subfield><subfield code="2">fast</subfield><subfield code="0">(OCoLC)fst01221993</subfield></datafield><datafield ind1=" " ind2=" " tag="752"><subfield code="a">United States</subfield><subfield code="b">Pennsylvania</subfield><subfield code="c">Jefferson</subfield><subfield code="d">Reynoldsville.</subfield></datafield><datafield ind1="1" ind2=" " tag="776"><subfield code="t">Star (Reynoldsville, Pa. : Online)</subfield><subfield code="x">2327-6851</subfield><subfield code="w">(DLC)  2013218674</subfield><subfield code="w">(OCoLC)832756148</subfield></datafield><datafield ind1="0" ind2="0" tag="785"><subfield code="t">Reynoldsville star</subfield><subfield code="w">(DLC)sn 87078220</subfield><subfield code="w">(OCoLC)15681465</subfield></datafield><datafield ind1="4" ind2="1" tag="856"><subfield code="u">http://www.loc.gov/chroniclingamerica/lccn/sn87078321/issues</subfield></datafield></record>